@article{CopelandBJack2011TMCA,
issn = {1058-6180},
abstract = {<p>The Manchester Baby, built by F.C. Williams and Tom Kilburn and operational in June 1948, was the first stored-program electronic computer. The Williams-Kilburn tube memory, pioneered in the Baby, was subsequently adopted in many first-generation computers, including the Princeton IAS machine and the IBM 701. Part 1 of this article provides an overview of the Manchester project and its personnel and documents the origins of the Williams-Kilburn tube.</p>},
journal = {IEEE Annals of the History of Computing},
pages = {4--21},
volume = {33},
publisher = {IEEE},
number = {1},
year = {2011},
title = {The Manchester Computer: A Revised History Part 1: The Memory},
language = {eng},
author = {B. Jack, Copeland},
keywords = {Telecommunication Computing ; History ; Computers ; Hardware ; Electron Tubes ; Automatic Computing Engine (ACE) ; Bletchley Park ; Colossus ; Manchester Baby Computer ; Manchester Mark I Computer ; Moore School ; Princeton Computer ; Royal Society Computing Machine Laboratory ; Small-Scale Experimental Machine (Ssem) ; Telecommunications Research Establishment (Tre) ; Turing-Wilkinson Lecture Series ; Williams Tube ; Cathode-Ray Tube Memory ; J.P. Eckert ; I.J. Good ; T. Kilburn ; R.A. Mcconnell ; M.H.A. Newman ; A.M. Turing ; J. Von Neumann ; F.C. Williams ; Engineering ; Computer Science},
url = {https://ieeexplore-ieee-org.ezproxy.lib.vutbr.cz/stamp/stamp.jsp?tp=&arnumber=5383334},
urldate    = {2021-04-17}
}

@book{SaturnVFM,
title = {Saturn V Flight Manual - SA 503},
author = {NASA},
publisher = {NASA Marshall Space Flight Center},
year = {1968},
language = {eng},
langid = {english},
url = {https://history.nasa.gov/afj/ap08fj/pdf/sa503-flightmanual.pdf},
urldate = {2021-04-17}
}

@article{KuehnRalphE1969CRDP,
issn = {0018-9529},
abstract = {<p>The literature on the theoretical aspects of redundancy in digital computers is extensive providing a sound basis for highly reliable design. This paper describes the design problems, the reliability prediction, the field performance, and the future application of redundancy techniques to digital systems. Triple modular redundancy (TMR) is described using the logic of the Launch Vehicle Digital Computer utilized in the uprated Saturn I and the Saturn V vehicles. The self-correcting memory of this computer is described along with the associated design problems and the design verification based on production experience. Consideration is given to system design problems involved with TMR logic. A Monte Carlo technique for predicting computer reliability is considered in a design engineering rather than programmer approach. The unique means of indicating single-channel malfunctions, while continuing to mask these single-channel malfunctions with respect to system operation, is introduced. The result of field operation are given and compared with predicted reliability. Quad redundancy at the component part level is described using the circuitry of the primary processor and data storage (PPDS) for NASA's Orbital Astronomical Observatory. The process of arriving at a quad redundancy implementation is considered in light of the constraints of cost, schedule, and an initial reliability requirement of 95 percent for a year's operation in space. The circuit and system design problems associated with quad redundancy such as impedance and part parameter variations, power consumption, fan out limitations, and testing restrictions are indicated. The results of field operation are given and compared with predicted reliability.</p>},
journal = {IEEE Transactions on Reliability},
pages = {3--11},
volume = {R-18},
publisher = {IEEE},
number = {1},
year = {1969},
title = {Computer Redundancy: Design, Performance, and Future},
language = {eng},
author = {Ralph E. Kuehn},
keywords = {Redundancy ; Vehicles ; Saturn ; Power System Reliability ; Circuit Testing ; Reliability Theory ; Application Software ; Digital Systems ; Logic ; Production ; Engineering},
url = {https://ieeexplore-ieee-org.ezproxy.lib.vutbr.cz/stamp/stamp.jsp?tp=&arnumber=5216961},
urldate = {2021-04-17}
}

@book{mcm,
isbn = {9786130215651},
author = {Frederic P. Miller},
publisher = {Alphascript Publishing},
year = {2009},
title = {Magnetic core memory},
language = {eng}
}

@thesis{PsotaMarek2010Zdhs,
abstract = {Tato bakalářská práce popisuje datová média od historie až po současnost. Jejím cílem je popsat jednotlivá média, jejich způsob práce, princip záznamu, jeho trvanlivost, záznamové a čtecí rychlosti atd. V příloze pak lze nalézt test 10 vybraných datových médií.},
publisher = {Univerzita Pardubice},
pages = {16--18},
year = {2010},
title = {Zálohování dat, historie, současnost a výhledy},
language = {cze},
author = {Psota, Marek},
keywords = {Datová Média ; Datová Úložiště ; Magnetická Média ; Historická Média ; Pevný Disk ; HDD ; Data Media ; Data Storage ; Magnetic Media ; Historical Media ; Hard Disk},
urldate = {2021-04-17},
url = {https://dk.upce.cz/bitstream/handle/10195/37335/PsotaM_ZalohovaniDat_MJ_2010.pdf?sequence=1}
}

@misc{WMP,
title = {Magnetická páska},
url = {https://cs.wikipedia.org/wiki/Magnetick%C3%A1_p%C3%A1ska},
urldate = {2021-04-17},
date = {2019}
}

@article{pcmagHDD,
title = {Future Mass Storage},
journal = {PC Mag - The PC Future},
issn = {0888-8507},
publisher = {Ziff Davis, Inc.},
pages = {182},
volume = {16},
number = {6},
year = {1997},
language = {eng},
url = {https://books.google.cz/books?id=wVDB2C8IJRYC&printsec=frontcover&source=gbs_ge_summary_r},
urldate = {2021-04-17},
}

@article{pcmag20,
title = {Seagate Confirms World's Largest Hard Disk Drive on Track for December},
year = {2020},
author = {B. Vincent},
language = {eng},
url = {https://www.pcmag.com/news/seagate-confirms-worlds-largest-hard-disk-drive-on-track-for-december},
urldate = {2021-04-17}
}

@thesis{KotekJan2010Sd,
abstract = {Tato bakalářská práce se zabývá posouzením vhodnosti SSD disků v pracovních stanicích a serverech. Teoretická část je zaměřena na definici pojmů a seznámení se s technologií flash pamětí. V praktické části jsou ukázány oblasti využití SSD disků a navržena vzorová řešení.},
publisher = {Univerzita Pardubice},
year = {2010},
title = {SSD disky},
language = {cze},
author = {Kotek, Jan},
keywords = {Disk Bez Pohyblivých Částí (SSD) ; Pevný Disk (HDD) ; Jednoúrovňová Buňka (SLC) ; Víceúrovňová Buňka (MLC) ; Solid-state Drive (SSD) ; Hard-disk Drive (HDD) ; Single-layer Cell (SLC) ; Multi-layer Cell (MLC)},
url = {https://dk.upce.cz/bitstream/handle/10195/37351/KotekJ_SSD_disky_MN_2010.pdf},
urldate = {2021-04-17}
}

@article{techradar100,
title = {At 100TB, the world’s biggest SSD gets an (eye-watering) price tag},
year = {2020},
author = {D. Athow},
language = {eng},
url = {https://www.techradar.com/news/at-100tb-the-worlds-biggest-ssd-gets-an-eye-watering-price-tag},
urldate = {2021-04-17}
}
